% Encoding: UTF-8

%%%%%%%%%%%%%%%%%%%%%%%%%%%%%%%%
@misc{方滨兴2014在线社交网络分析,
  title={在线社交网络分析},
  author={方滨兴 and 许进 and 李建华 and others},
  year={2014},
  publisher={北京: 电子工业出版社}
}

@misc{social_network,
   author = {Wikipedia},
   title = {Social network},
   howpublished = {\url{https://en.wikipedia.org/wiki/Social_network}},
   note = {Accessed 2017-03-07},
}

@book{rainie2012networked,
  title={Networked: The new social operating system},
  author={Rainie, Lee and Wellman, Barry},
  year={2012},
  publisher={Mit Press}
}

@article{freeman2004development,
  title={The development of social network analysis},
  author={Freeman, Linton},
  journal={A Study in the Sociology of Science},
  year={2004}
}

@article{huijboom2009key,
  title={Key areas in the public sector impact of social computing},
  author={Huijboom, Noor and van den Broek, Tijs and Frissen, Valerie and Kool, Linda and Kotterink, Bas and Meyerhoff Nielsen, M and Millard, J},
  journal={European Communities},
  year={2009}
}

@misc{tencentReport2016,
   author = {新浪科技},
   title = {腾讯第三季度营收404亿元 净利润同比增长43%},
   howpublished = {\url{http://tech.sina.com.cn/i/2016-11-16/doc-ifxxsmif3182497.shtml}},
   note = {Accessed 2017-03-07},
}

%%%%%%%%%%%%%%%%%%%%%%%%%%%%%%%%
@inproceedings{ounis2011overview,
  title={Overview of the TREC-2011 Microblog Track},
  author={Ounis, Iadh and Macdonald, Craig and Lin, Jimmy and Soboroff, Ian},
  booktitle={Proceeddings of the 20th Text REtrieval Conference (TREC 2011)},
  year={2011}
}

@inproceedings{soboroff2012overview,
  title={Overview of the TREC-2012 Microblog Track.},
  author={Soboroff, Ian and Ounis, Iadh and Macdonald, Craig and Lin, Jimmy},
  booktitle={Proceeddings of the 21th Text REtrieval Conference (TREC 2012)},
  year={2012}
}

@inproceedings{lin2013overview,
  title={Overview of the TREC-2013 Microblog Track},
  author={Lin, Jimmy and Efron, Miles},
  booktitle={Proceeddings of the 22th Text REtrieval Conference (TREC 2013)},
  year={2013},
}

@inproceedings{lin2014overview,
  title={Overview of the TREC-2014 Microblog Track},
  author={Lin, Jimmy and Efron, Miles and Wang, Yulu and Sherman, Garrick},
  booktitle={Proceeddings of the 23th Text REtrieval Conference (TREC 2014)},
  year={2014},
}

@inproceedings{lin2015overview,
  title={Overview of the TREC-2015 Microblog Track},
  author={Lin, Jimmy and Efron, Miles and Wang, Yulu and Voorhees, Ellen},
  booktitle={Proceeddings of the 24th Text REtrieval Conference (TREC 2015)},
  year={2015},
}

@article{Xie2015Personalized,
  title={Personalized Search for Social Media via Dominating Verbal Context},
  author={Xie, Haoran and Li, Xiaodong and Wang, Tao and Chen, Li and Li, Ke and Wang, Fu Lee and Cai, Yi and Li, Qing and Min, Huaqing},
  journal={Neurocomputing},
  volume={172},
  number={C},
  pages={27-37},
  year={2015},
}

@inproceedings{sontag2012probabilistic,
  title={Probabilistic models for personalizing web search},
  author={Sontag, David and Collins-Thompson, Kevyn and Bennett, Paul N and White, Ryen W and Dumais, Susan and Billerbeck, Bodo},
  booktitle={Proceedings of the fifth ACM international conference on Web search and data mining},
  pages={433--442},
  year={2012},
  organization={ACM}
}

@inproceedings{wang2013personalized,
  title={Personalized ranking model adaptation for web search},
  author={Wang, Hongning and He, Xiaodong and Chang, Ming-Wei and Song, Yang and White, Ryen W and Chu, Wei},
  booktitle={Proceedings of the 36th international ACM SIGIR conference on Research and development in information retrieval},
  pages={323--332},
  year={2013},
  organization={ACM}
}

@inproceedings{tang2015personalized,
  title={Personalized recommendation via parameter-free contextual bandits},
  author={Tang, Liang and Jiang, Yexi and Li, Lei and Zeng, Chunqiu and Li, Tao},
  booktitle={Proceedings of the 38th International ACM SIGIR Conference on Research and Development in Information Retrieval},
  pages={323--332},
  year={2015},
  organization={ACM}
}

@article{liang2014Collaborative,
  title={Collaborative filtering based on information-theoretic co-clustering},
  author={Liang, Changyong and Leng, Yajun},
  journal={International Journal of Systems Science},
  volume={45},
  number={3},
  pages={589-597},
  year={2014},
}

@inproceedings{vosecky2014collaborative,
  title={Collaborative personalized twitter search with topic-language models},
  author={Vosecky, Jan and Leung, Kenneth Wai-Ting and Ng, Wilfred},
  booktitle={Proceedings of the 37th international ACM SIGIR conference on Research \& development in information retrieval},
  pages={53--62},
  year={2014},
  organization={ACM}
}

@article{xue2009user,
  title={User language model for collaborative personalized search},
  author={Xue, Gui-Rong and Han, Jie and Yu, Yong and Yang, Qiang},
  journal={ACM Transactions on Information Systems (TOIS)},
  volume={27},
  number={2},
  pages={11},
  year={2009},
  publisher={ACM}
}

@article{yang2014survey,
  title={A survey of collaborative filtering based social recommender systems},
  author={Yang, Xiwang and Guo, Yang and Liu, Yong and Steck, Harald},
  journal={Computer Communications},
  volume={41},
  pages={1--10},
  year={2014},
  publisher={Elsevier}
}

@inproceedings{canuto2015efficient,
  title={An Efficient and Scalable MetaFeature-based Document Classification Approach based on Massively Parallel Computing},
  author={Canuto, S{\'e}rgio and Gon{\c{c}}alves, Marcos and Santos, Wisllay and Rosa, Thierson and Martins, Wellington},
  booktitle={Proceedings of the 38th International ACM SIGIR Conference on Research and Development in Information Retrieval},
  pages={333--342},
  year={2015},
  organization={ACM}
}

@inproceedings{severyn2015learning,
  title={Learning to rank short text pairs with convolutional deep neural networks},
  author={Severyn, Aliaksei and Moschitti, Alessandro},
  booktitle={Proceedings of the 38th International ACM SIGIR Conference on Research and Development in Information Retrieval},
  pages={373--382},
  year={2015},
  organization={ACM}
}

@inproceedings{ren2014hierarchical,
  title={Hierarchical multi-label classification of social text streams},
  author={Ren, Zhaochun and Peetz, Maria-Hendrike and Liang, Shangsong and van Dolen, Willemijn and de Rijke, Maarten},
  booktitle={Proceedings of the 37th international ACM SIGIR conference on Research \& development in information retrieval},
  pages={213--222},
  year={2014},
  organization={ACM}
}

@inproceedings{paik2013novel,
  title={A novel TF-IDF weighting scheme for effective ranking},
  author={Paik, Jiaul H},
  booktitle={Proceedings of the 36th international ACM SIGIR conference on Research and development in information retrieval},
  pages={343--352},
  year={2013},
  organization={ACM}
}

@inproceedings{gao2013query,
  title={Query expansion using path-constrained random walks},
  author={Gao, Jianfeng and Xu, Gu and Xu, Jinxi},
  booktitle={Proceedings of the 36th international ACM SIGIR conference on Research and development in information retrieval},
  pages={563--572},
  year={2013},
  organization={ACM}
}

@article{Letelier2012Static,
  title={Static analysis and optimization of semantic web queries},
  author={Letelier, Andrés and Pérez, Jorge and Pichler, Reinhard and Skritek, Sebastian},
  journal={In: Proc. of the 31st Symposium on Principles of Database Systems (PODS},
  volume={38},
  number={4},
  pages={84-87},
  year={2012},
}

@article{si2014users,
  title={Users' interest grouping from online reviews based on topic frequency and order},
  author={Si, Jianfeng and Li, Qing and Qian, Tieyun and Deng, Xiaotie},
  journal={World Wide Web},
  volume={17},
  number={6},
  pages={1321--1342},
  year={2014},
  publisher={Springer}
}

@inproceedings{wang2015assessor,
  title={Assessor Differences and User Preferences in Tweet Timeline Generation},
  author={Wang, Yulu and Sherman, Garrick and Lin, Jimmy and Efron, Miles},
  booktitle={Proceedings of the 38th International ACM SIGIR Conference on Research and Development in Information Retrieval},
  pages={615--624},
  year={2015},
  organization={ACM}
}

@inproceedings{aslam2014trec,
  title={TREC 2014 Temporal Summarization Track Overview},
  author={Aslam, Javed and Diaz, Fernando and Ekstrand-Abueg, Matthew and McCreadie, Richard and Pavlu, Virgil and Sakai Tetsuya},
  booktitle={Proceeddings of the 23th Text REtrieval Conference (TREC 2014)},
  year={2014},
}

@article{lvpkuicst,
  title={PKUICST at TREC 2015 Microblog Track: Query-biased Adaptive Filtering in Real-time Microblog Stream},
  author={Fan, Feifan and Fei, Yue and Lv, Chao and Yao, Lili and Yang, Jianwu and Zhao, Dongyan}
}

@article{tanuniversity,
  title={University of Waterloo at TREC 2015 Microblog Track},
  author={Tan, Luchen and Roegiest, Adam and Clarke, Charles LA}
}

@inproceedings{bagdouri2015clip,
  title={CLIP at TREC 2015: Microblog and LiveQA},
  author={Bagdouri, Mossaab and Oard, Douglas W},
  booktitle={Proceedings of The Twenty-Fourth Text REtrieval Conference, TREC},
  pages={17--20},
  year={2015}
}

%%%%%%%%%%%%%%%%%%%%%%%%%%%%%%%%
@inproceedings{kempe2003maximizing,
  title={Maximizing the spread of influence through a social network},
  author={Kempe, David and Kleinberg, Jon and Tardos, {\'E}va},
  booktitle={Proceedings of the ninth ACM SIGKDD international conference on Knowledge discovery and data mining},
  pages={137--146},
  year={2003},
  organization={ACM}
}

@article{nemhauser1978analysis,
  title={An analysis of approximations for maximizing submodular set functions—I},
  author={Nemhauser, George L and Wolsey, Laurence A and Fisher, Marshall L},
  journal={Mathematical Programming},
  volume={14},
  number={1},
  pages={265--294},
  year={1978},
  publisher={Springer}
}

@inproceedings{Chen2010Scalable,
  title={Scalable influence maximization for prevalent viral marketing in large-scale social networks},
  author={Chen, Wei and Wang, Chi and Wang, Yajun},
  booktitle={in KDD 2010},
  pages={1029-1038},
  year={2010},
}

@inproceedings{borgs2014maximizing,
  title={Maximizing social influence in nearly optimal time},
  author={Borgs, Christian and Brautbar, Michael and Chayes, Jennifer and Lucier, Brendan},
  booktitle={Proceedings of the Twenty-Fifth Annual ACM-SIAM Symposium on Discrete Algorithms},
  pages={946--957},
  year={2014},
  organization={SIAM}
}

@incollection{kempe2005influential,
  title={Influential nodes in a diffusion model for social networks},
  author={Kempe, David and Kleinberg, Jon and Tardos, {\'E}va},
  booktitle={Automata, languages and programming},
  pages={1127--1138},
  year={2005},
  publisher={Springer}
}

@incollection{minoux1978accelerated,
  title={Accelerated greedy algorithms for maximizing submodular set functions},
  author={Minoux, Michel},
  booktitle={Optimization Techniques},
  pages={234--243},
  year={1978},
  publisher={Springer}
}

@inproceedings{leskovec2007cost,
  title={Cost-effective outbreak detection in networks},
  author={Leskovec, Jure and Krause, Andreas and Guestrin, Carlos and Faloutsos, Christos and VanBriesen, Jeanne and Glance, Natalie},
  booktitle={Proceedings of the 13th ACM SIGKDD international conference on Knowledge discovery and data mining},
  pages={420--429},
  year={2007},
  organization={ACM}
}

@inproceedings{tang2014influence,
  title={Influence maximization: Near-optimal time complexity meets practical efficiency},
  author={Tang, Youze and Xiao, Xiaokui and Shi, Yanchen},
  booktitle={Proceedings of the 2014 ACM SIGMOD international conference on Management of data},
  pages={75--86},
  year={2014},
  organization={ACM}
}

@inproceedings{goyal2011celf++,
  title={Celf++: optimizing the greedy algorithm for influence maximization in social networks},
  author={Goyal, Amit and Lu, Wei and Lakshmanan, Laks VS},
  booktitle={Proceedings of the 20th international conference companion on World wide web},
  pages={47--48},
  year={2011},
  organization={ACM}
}

@inproceedings{chen2009efficient,
  title={Efficient influence maximization in social networks},
  author={Chen, Wei and Wang, Yajun and Yang, Siyu},
  booktitle={Proceedings of the 15th ACM SIGKDD international conference on Knowledge discovery and data mining},
  pages={199--208},
  year={2009},
  organization={ACM}
}

@misc{snapnets,
  author       = {Jure Leskovec and Andrej Krevl},
  title        = {{SNAP Datasets}: {Stanford} Large Network Dataset Collection},
  howpublished = {http://snap.stanford.edu/data},
  month        = jun,
  year         = 2014
}

@inproceedings{cheng2013staticgreedy,
  title={Staticgreedy: solving the scalability-accuracy dilemma in influence maximization},
  author={Cheng, Suqi and Shen, Huawei and Huang, Junming and Zhang, Guoqing and Cheng, Xueqi},
  booktitle={Proceedings of the 22nd ACM international conference on Conference on information \& knowledge management},
  pages={509--518},
  year={2013},
  organization={ACM}
}

@inproceedings{saito2008prediction,
  title={Prediction of information diffusion probabilities for independent cascade model},
  author={Saito, Kazumi and Nakano, Ryohei and Kimura, Masahiro},
  booktitle={International Conference on Knowledge-Based and Intelligent Information and Engineering Systems},
  pages={67--75},
  year={2008},
  organization={Springer}
}

@inproceedings{goyal2010learning,
  title={Learning influence probabilities in social networks},
  author={Goyal, Amit and Bonchi, Francesco and Lakshmanan, Laks VS},
  booktitle={Proceedings of the third ACM international conference on Web search and data mining},
  pages={241--250},
  year={2010},
  organization={ACM}
}

@inproceedings{domingos2001mining,
  title={Mining the network value of customers},
  author={Domingos, Pedro and Richardson, Matt},
  booktitle={Proceedings of the seventh ACM SIGKDD international conference on Knowledge discovery and data mining},
  pages={57--66},
  year={2001},
  organization={ACM}
}

@inproceedings{Yang2016Continuous,
  title={Continuous Influence Maximization: What Discounts Should We Offer to Social Network Users?},
  author={Yang, Yu and Mao, Xiangbo and Pei, Jian and He, Xiaofei},
  booktitle={Proceedings of the 2016 ACM SIGMOD international conference on Management of data},
  pages={727--741},
  year={2016},
}

@article{chen2013information,
  title={Information and influence propagation in social networks},
  author={Chen, Wei and Lakshmanan, Laks VS and Castillo, Carlos},
  journal={Synthesis Lectures on Data Management},
  volume={5},
  number={4},
  pages={1--177},
  year={2013},
  publisher={Morgan \& Claypool Publishers}
}

@inproceedings{zhuang2013influence,
  title={Influence maximization in dynamic social networks},
  author={Zhuang, Honglei and Sun, Yihan and Tang, Jie and Zhang, Jialin and Sun, Xiaoming},
  booktitle={2013 IEEE 13th International Conference on Data Mining},
  pages={1313--1318},
  year={2013},
  organization={IEEE}
}

@inproceedings{wang2015maximizing,
  title={Maximizing the coverage of information propagation in social networks},
  author={Wang, Zhefeng and Chen, Enhong and Liu, Qi and Yang, Yu and Ge, Yong and Chang, Biao},
  booktitle={Proceedings of the 24th International Conference on Artificial Intelligence},
  pages={2104--2110},
  year={2015},
  organization={AAAI Press}
}

@inproceedings{liu2012time,
  title={Time constrained influence maximization in social networks},
  author={Liu, Bo and Cong, Gao and Xu, Dong and Zeng, Yifeng},
  booktitle={2012 IEEE 12th International Conference on Data Mining},
  pages={439--448},
  year={2012},
  organization={IEEE}
}

@article{goldenberg2001talk,
  title={Talk of the network: A complex systems look at the underlying process of word-of-mouth},
  author={Goldenberg, Jacob and Libai, Barak and Muller, Eitan},
  journal={Marketing letters},
  volume={12},
  number={3},
  pages={211--223},
  year={2001},
  publisher={Springer}
}

@article{granovetter1978threshold,
  title={Threshold models of collective behavior},
  author={Granovetter, Mark},
  journal={American journal of sociology},
  pages={1420--1443},
  year={1978},
  publisher={JSTOR}
}

@inproceedings{chen2015influential,
  title={On influential nodes tracking in dynamic social networks},
  author={Chen, Xiaodong and Song, Guojie and He, Xinran and Xie, Kunqing},
  booktitle={Proc. 15th SIAM Intl. Conf. on Data Mining},
  pages={613--621},
  year={2015}
}

%%%%%%%%%%%%%%%%%%%%%%%%%%%%%%%%
@article{Goldenberg2001Using,
  title={Using Complex Systems Analysis to Advance Marketing Theory Development: Modeling Heterogeneity Effects on New Product Growth through Stochastic Cellular Automata},
  author={Goldenberg, Jacob and Libai, Barak},
  journal={Acad.marketing Sci.rev},
  volume={9},
  year={2001},
}

@article{Granovetter1986Threshold,
  title={Threshold models of interpersonal effects in consumer demand},
  author={Granovetter, Mark and Soong, Roland},
  journal={Journal of Economic Behavior \& Organization},
  volume={7},
  number={1},
  pages={83-99},
  year={1986},
}

@article{granovetter1983threshold,
title={Threshold Models of Diffusion and Collective Behaviour.},
author={Granovetter, Mark and Soong, Roland},
journal={Journal of Mathematical Sociology},
volume={9},
number={3},
pages={165--179},
year={1983}}

@article{evendar2011a,
title={A note on maximizing the spread of influence in social networks},
author={Evendar, Eyal and Shapira, Asaf},
journal={Information Processing Letters},
volume={111},
number={4},
pages={184--187},
year={2011}}

%%%%%%%%%%%%%%%%%%%%%%%%%%%%%%%%
@article{gruhl2004information,
title={Information diffusion through blogspace},
author={Gruhl, Daniel and Guha, Ramanathan V and Libennowell, David and Tomkins, Andrew},
journal={international world wide web conferences},
pages={491--501},
year={2004}}

@inproceedings{davis2006the,
  title={The relationship between Precision-Recall and ROC curves},
  author={Davis, Jesse and Goadrich, Mark},
  booktitle={International Conference on Machine Learning},
  pages={233-240},
  year={2006},
}

%%%%%%%%%%%%%%%%%%%%%%%%%%%%%%%%
@inproceedings{krizhevsky2012imagenet,
  title={Imagenet classification with deep convolutional neural networks},
  author={Krizhevsky, Alex and Sutskever, Ilya and Hinton, Geoffrey E},
  booktitle={Advances in neural information processing systems},
  pages={1097--1105},
  year={2012}
}

@inproceedings{graves2013speech,
  title={Speech recognition with deep recurrent neural networks},
  author={Graves, Alex and Mohamed, Abdel-rahman and Hinton, Geoffrey},
  booktitle={2013 IEEE international conference on acoustics, speech and signal processing},
  pages={6645--6649},
  year={2013},
  organization={IEEE}
}

@article{bengio2003neural,
  title={A neural probabilistic language model},
  author={Bengio, Yoshua and Ducharme, R{\'e}jean and Vincent, Pascal and Jauvin, Christian},
  journal={journal of machine learning research},
  volume={3},
  number={Feb},
  pages={1137--1155},
  year={2003}
}

@inproceedings{yih2011learning,
  title={Learning discriminative projections for text similarity measures},
  author={Yih, Wen-tau and Toutanova, Kristina and Platt, John C and Meek, Christopher},
  booktitle={Proceedings of the Fifteenth Conference on Computational Natural Language Learning},
  pages={247--256},
  year={2011},
  organization={Association for Computational Linguistics}
}

@inproceedings{mikolov2013distributed,
  title={Distributed representations of words and phrases and their compositionality},
  author={Mikolov, Tomas and Sutskever, Ilya and Chen, Kai and Corrado, Greg S and Dean, Jeff},
  booktitle={Advances in neural information processing systems},
  pages={3111--3119},
  year={2013}
}

@article{collobert2011natural,
  title={Natural language processing (almost) from scratch},
  author={Collobert, Ronan and Weston, Jason and Bottou, L{\'e}on and Karlen, Michael and Kavukcuoglu, Koray and Kuksa, Pavel},
  journal={Journal of Machine Learning Research},
  volume={12},
  number={Aug},
  pages={2493--2537},
  year={2011}
}

@article{lecun1998gradient,
  title={Gradient-based learning applied to document recognition},
  author={LeCun, Yann and Bottou, L{\'e}on and Bengio, Yoshua and Haffner, Patrick},
  journal={Proceedings of the IEEE},
  volume={86},
  number={11},
  pages={2278--2324},
  year={1998},
  publisher={IEEE}
}

@inproceedings{yih2014semantic,
  title={Semantic Parsing for Single-Relation Question Answering.},
  author={Yih, Wen-tau and He, Xiaodong and Meek, Christopher},
  booktitle={ACL (2)},
  pages={643--648},
  year={2014},
  organization={Citeseer}
}

@inproceedings{shen2014learning,
  title={Learning semantic representations using convolutional neural networks for web search},
  author={Shen, Yelong and He, Xiaodong and Gao, Jianfeng and Deng, Li and Mesnil, Gr{\'e}goire},
  booktitle={Proceedings of the 23rd International Conference on World Wide Web},
  pages={373--374},
  year={2014},
  organization={ACM}
}

@article{kalchbrenner2014convolutional,
  title={A convolutional neural network for modelling sentences},
  author={Kalchbrenner, Nal and Grefenstette, Edward and Blunsom, Phil},
  journal={arXiv preprint arXiv:1404.2188},
  year={2014}
}

@article{kim2014convolutional,
  title={Convolutional neural networks for sentence classification},
  author={Kim, Yoon},
  journal={arXiv preprint arXiv:1408.5882},
  year={2014}
}

@inproceedings{mihalcea2004graph,
  title={Graph-based ranking algorithms for sentence extraction, applied to text summarization},
  author={Mihalcea, Rada},
  booktitle={Proceedings of the ACL 2004 on Interactive poster and demonstration sessions},
  pages={20},
  year={2004},
  organization={Association for Computational Linguistics}
}

@inproceedings{maas2011learning,
  title={Learning word vectors for sentiment analysis},
  author={Maas, Andrew L and Daly, Raymond E and Pham, Peter T and Huang, Dan and Ng, Andrew Y and Potts, Christopher},
  booktitle={Proceedings of the 49th Annual Meeting of the Association for Computational Linguistics: Human Language Technologies-Volume 1},
  pages={142--150},
  year={2011},
  organization={Association for Computational Linguistics}
}

@inproceedings{li2002learning,
  title={Learning question classifiers},
  author={Li, Xin and Roth, Dan},
  booktitle={Proceedings of the 19th international conference on Computational linguistics-Volume 1},
  pages={1--7},
  year={2002},
  organization={Association for Computational Linguistics}
}

@article{hastie1996discriminant,
  title={Discriminant adaptive nearest neighbor classification},
  author={Hastie, Trevor and Tibshirani, Robert},
  journal={IEEE transactions on pattern analysis and machine intelligence},
  volume={18},
  number={6},
  pages={607--616},
  year={1996},
  publisher={IEEE}
}

@article{cortes1995support,
  title={Support-vector networks},
  author={Cortes, Corinna and Vapnik, Vladimir},
  journal={Machine learning},
  volume={20},
  number={3},
  pages={273--297},
  year={1995},
  publisher={Springer}
}

@inproceedings{graves2013speech,
  title={Speech recognition with deep recurrent neural networks},
  author={Graves, Alex and Mohamed, Abdel-rahman and Hinton, Geoffrey},
  booktitle={Acoustics, speech and signal processing (icassp), 2013 ieee international conference on},
  pages={6645--6649},
  year={2013},
  organization={IEEE}
}

@inproceedings{sainath2015convolutional,
  title={Convolutional, long short-term memory, fully connected deep neural networks},
  author={Sainath, Tara N and Vinyals, Oriol and Senior, Andrew and Sak, Ha{\c{s}}im},
  booktitle={Acoustics, Speech and Signal Processing (ICASSP), 2015 IEEE International Conference on},
  pages={4580--4584},
  year={2015},
  organization={IEEE}
}

@inproceedings{szegedy2015going,
  title={Going deeper with convolutions},
  author={Szegedy, Christian and Liu, Wei and Jia, Yangqing and Sermanet, Pierre and Reed, Scott and Anguelov, Dragomir and Erhan, Dumitru and Vanhoucke, Vincent and Rabinovich, Andrew},
  booktitle={Proceedings of the IEEE Conference on Computer Vision and Pattern Recognition},
  pages={1--9},
  year={2015}
}

@inproceedings{erhan2014scalable,
  title={Scalable object detection using deep neural networks},
  author={Erhan, Dumitru and Szegedy, Christian and Toshev, Alexander and Anguelov, Dragomir},
  booktitle={Proceedings of the IEEE Conference on Computer Vision and Pattern Recognition},
  pages={2147--2154},
  year={2014}
}

@inproceedings{sutskever2014sequence,
  title={Sequence to sequence learning with neural networks},
  author={Sutskever, Ilya and Vinyals, Oriol and Le, Quoc V},
  booktitle={Advances in neural information processing systems},
  pages={3104--3112},
  year={2014}
}

@article{bahdanau2014neural,
  title={Neural machine translation by jointly learning to align and translate},
  author={Bahdanau, Dzmitry and Cho, Kyunghyun and Bengio, Yoshua},
  journal={arXiv preprint arXiv:1409.0473},
  year={2014}
}

@article{chelba2013one,
  title={One billion word benchmark for measuring progress in statistical language modeling},
  author={Chelba, Ciprian and Mikolov, Tomas and Schuster, Mike and Ge, Qi and Brants, Thorsten and Koehn, Phillipp and Robinson, Tony},
  journal={arXiv preprint arXiv:1312.3005},
  year={2013}
}

@inproceedings{vinyals2015grammar,
  title={Grammar as a foreign language},
  author={Vinyals, Oriol and Kaiser, {\L}ukasz and Koo, Terry and Petrov, Slav and Sutskever, Ilya and Hinton, Geoffrey},
  booktitle={Advances in Neural Information Processing Systems},
  pages={2773--2781},
  year={2015}
}